@book{WolfGladrow:2000,
   author={STUECK and Lattice gas cellular automata and lattice Boltzmann models},
   editor={Wolf-Gladrow, Dieter},
   title={Lattice gas cellular automata and lattice Boltzmann models : an introduction},
   address={Berlin [u.a.]},
   publisher={Springer},
   year={2000},
   ISBN={3-540-66973-6 - 978-3-540-66973-9},
   series={Lecture notes in mathematics ; 1725},
   pages={IX, 308 S. : graph. Darst.},
   note={Elektronische Ressource},
}

